<record><leader>00000cas a2200000 a 4500</leader><controlfield tag="001">56980204</controlfield><controlfield tag="008">041116c20049999ilucr ne      0   a0eng c</controlfield><datafield ind1=" " ind2=" " tag="010"><subfield code="a">sn2004061825</subfield></datafield><datafield ind1=" " ind2=" " tag="040"><subfield code="a">NVF</subfield><subfield code="b">eng</subfield><subfield code="c">NVF</subfield><subfield code="d">NVF</subfield><subfield code="d">OCLCQ</subfield><subfield code="d">OCLCF</subfield><subfield code="d">NVF</subfield><subfield code="d">OCLCO</subfield></datafield><datafield ind1="1" ind2=" " tag="029"><subfield code="a">AU@</subfield><subfield code="b">000026395478</subfield></datafield><datafield ind1=" " ind2=" " tag="042"><subfield code="a">pcc</subfield></datafield><datafield ind1=" " ind2=" " tag="043"><subfield code="a">n-us-il</subfield></datafield><datafield ind1="0" ind2=" " tag="130"><subfield code="a">Journal-news (Hillsboro, Ill.)</subfield></datafield><datafield ind1="1" ind2="4" tag="245"><subfield code="a">The journal-news.</subfield></datafield><datafield ind1="3" ind2=" " tag="246"><subfield code="a">Journal news</subfield></datafield><datafield ind1=" " ind2=" " tag="260"><subfield code="a">Hillsboro, Ill. :</subfield><subfield code="b">Hillsboro Journal, Inc.,</subfield><subfield code="c">2004-</subfield></datafield><datafield ind1=" " ind2=" " tag="300"><subfield code="a">v.</subfield></datafield><datafield ind1=" " ind2=" " tag="310"><subfield code="a">Semiweekly</subfield></datafield><datafield ind1="1" ind2=" " tag="362"><subfield code="a">Began Aug. 2, 2004.</subfield></datafield><datafield ind1=" " ind2=" " tag="500"><subfield code="a">"A newspaper of record for Montgomery County, Illinois."</subfield></datafield><datafield ind1=" " ind2=" " tag="530"><subfield code="a">Also available via the World Wide Web.</subfield></datafield><datafield ind1=" " ind2=" " tag="580"><subfield code="a">Formed by the union of: Hillsboro journal (Hillsboro, Ill. : 1896) and: Montgomery County news (Hillsboro, Ill.).</subfield></datafield><datafield ind1=" " ind2=" " tag="588"><subfield code="a">Description based on: Vol. 153, no. 26 (Sept. 2, 2004).</subfield></datafield><datafield ind1=" " ind2="0" tag="651"><subfield code="a">Hillsboro (Ill.)</subfield><subfield code="v">Newspapers.</subfield></datafield><datafield ind1=" " ind2="0" tag="651"><subfield code="a">Montgomery County (Ill.)</subfield><subfield code="v">Newspapers.</subfield></datafield><datafield ind1=" " ind2="7" tag="651"><subfield code="a">Illinois</subfield><subfield code="z">Hillsboro.</subfield><subfield code="2">fast</subfield><subfield code="0">(OCoLC)fst01229743</subfield></datafield><datafield ind1=" " ind2="7" tag="651"><subfield code="a">Illinois</subfield><subfield code="z">Montgomery County.</subfield><subfield code="2">fast</subfield><subfield code="0">(OCoLC)fst01212582</subfield></datafield><datafield ind1=" " ind2="7" tag="655"><subfield code="a">Newspapers.</subfield><subfield code="2">fast</subfield><subfield code="0">(OCoLC)fst01423814</subfield></datafield><datafield ind1=" " ind2=" " tag="752"><subfield code="a">United States</subfield><subfield code="b">Illinois</subfield><subfield code="c">Montgomery</subfield><subfield code="d">Hillsboro.</subfield></datafield><datafield ind1="1" ind2="4" tag="780"><subfield code="t">Hillsboro journal (Hillsboro, Ill. : 1896)</subfield><subfield code="w">(DLC)sn 91054588</subfield><subfield code="w">(OCoLC)23671002</subfield></datafield><datafield ind1="1" ind2="4" tag="780"><subfield code="t">Montgomery County news (Hillsboro, Ill.)</subfield><subfield code="w">(DLC)sn 91054596</subfield><subfield code="w">(OCoLC)23807693</subfield></datafield><datafield ind1="4" ind2="1" tag="856"><subfield code="u">http://www.thejournal-news.net/</subfield></datafield></record>